
@article{hooper1984,
  title={Large-scale structural effects in developed turbulent flow through closely-spaced rod arrays},
  author={Hooper, J.D. and Rehme, K.},
  journal={Journal of Fluids Mechanics},
  volume={145},
  pages={305-337},
  year={1984},
  doi = {10.1017/S0022112084002949},
  url = {https://doi.org/10.1017/S0022112084002949}
}
@article{rehme1992,
  title={The structure of turbulence in rod bundles and the implication son natural mixing between the subchannels},
  author={K. Rehme},
  journal={Int. J. Heat Mass Transfer},
  volume={35},
  number={2},
  pages={567-581},
  year={1992},
  doi = {10.1016/0017-9310(92)90291-Y}
}
@article{meyer1996,
  title={Characteristics of turbulent velocity and temperature in a wall channel of a heated rod bundle},
  author={T. Krauss and L. Meyer},
  journal={Exp. Therm. Fluid Sci.},
  volume={12},
  number={1},
  pages={75-86},
  year={1996},
  doi = {10.1016/0894-1777(95)00076-3}
}
@article{guellouz2000,
  title={The structure of turbulent flow in a rectangular channel containing a cylindrical rod - Part 1: Reynolds-averaged measurements},
  author={M.S. Guellouz},
  journal={Exp. Therm. Fluid Sci.},
  volume={23},
  number={1-2},
  pages={59-73},
  year={2000},
  doi = {10.1016/S0894-1777(00)00038-8}
}
@article{trupp1975,
  title={The structure of turbulent flow in triangular array rod bundles},
  author={A.C. Trupp and R.S. Azad},
  journal={Nucl. Eng. Des.},
  volume={32},
  number={1},
  pages={47-84},
  year={1975},
  doi = {10.1016/0029-5493(75)90090-4}
}

@article{carajilescov1976,
  title={Experimental and analytical study of axial turbulent flows in an interior subchannel of a bare rod bundle},
  author={P. Carajilescov and N.E. Todreas},
  journal={ASME, J. Heat Transf.},
  volume={98},
  number={2},
  pages={262-268},
  year={1976},
  doi = {10.1115/1.3450529}
}



@inproceedings{merzari2015,
  title={Large-scale simulation of nuclear reactors: issues and perspectives},
  author={E. Merzari and A. Obabko and P. Fischer and N. Halford and J. Walker and A. Siegel and Y. Yu},
  booktitle={Proceedings of the 16th International Topical Meeting on Nuclear reactor Thermal Hydraulics, NURETH-16},
  note={Chicago, Illinois},
  month={August},
  year={2015}
}


@inproceedings{merzari2015stability,
  title={Large-Scale simulation of Rod Bundles: Coherent Structure Recognition and Stability Analysis},
  author={E. Merzari and P. Fischer and J. Walker},
  booktitle={ASME/JSME/KSME 2015 Journal of Fluids Engineering Conference},
  volume={1},
  note={Seoul, South Korea},
  month={July},
  pages={V001T29A002},
  year={2015},
  doi={10.1115/AJKFluids2015-29719}
}

@article{podila2018,
  title={CFD simulation of heated tight-lattice rod bundles for an IAEA benchmark},
  author={K. Podila and Y.F. Rao},
  journal={Progress in Nuclear Energy},
  volume={108},
  pages={222-232},
  year={2018},
  doi = {10.1016/j.pnucene.2018.06.001}
}

@article{chang2007,
  title={Numerical simulation of turbulent flow in a 37-rod bundle},
  author={D. Chang and S. Tavoularis},
  journal={Nuclear Engineering and Design},
  volume={237},
  number={6},
  pages={575-590},
  year={2007},
  doi = {10.1016/j.nucengdes.2006.08.001}
}

@inproceedings{benhamadouche2009,
  title={Large eddy simulation of the flow along four sub-channels downstream a mixing grid in a PWD},
  author={S. Benhamadouche and C. Le-Maitre},
  booktitle={Proceedings of the 13th International Topical Meeting on Nuclear reactor Thermal Hydraulics, NURETH-13},
  note={Kanazawa, Ishikawa (Japan)},
  month={September},
  year={2009}
}


@article{wu1994,
  title={Numerical study on the turbulence structures in close spaced rod bundle subchannels},
  author={X. Wu},
  journal={Numer. Heat Transfer, Part A},
  volume={25},
  number={6},
  pages={649-670},
  year={1994},
  doi = {10.1080/10407789408955971}
}

@article{baglietto2005,
  title={A turbulence model study for simulationg flow inside tight latttice rod bundles},
  author={E. Baglietto and H. Ninokata},
  journal={Nucl. Eng. Des.},
  volume={235},
  number={7},
  pages={773-784},
  year={2005},
  doi = {10.1016/j.nucengdes.2004.10.007}
}

@article{tzanos2001,
  title={Performance of $k-\epsilon$ turbulence models in the simulation of {LWR} fuel-bundle flows},
  author={C. Tzanos},
  journal={Trans. ANS},
  volume={84},
  pages={197-199},
  year={2001}
}

@article{yadigaroglu2003,
  title={{Trends and needs in experimentation and numerical simulation for LWR safety}},
  author={G. Yadigaroglu and M. Anderani and J. Dreier and P. Coddington},
  journal={Nucl. Eng. Des.},
  volume={221},
  number={1-3},
  pages={205-223},
  year={2003},
  doi = {10.1016/S0029-5493(02)00339-4}
}


@article{lee1997,
  title={A numerical prediction on the turbulent flow  in closely spaced bare rod arrays by a nonlinear $k-\epsilon$ model},
  author={K.B. Lee and H.G. Jang},
  journal={Nucl. Eng. Des.},
  volume={172},
  number={3},
  pages={351-357},
  year={1997},
  doi = {10.1016/S0029-5493(97)00001-0}
}

@article{boussinesq1877,
  title={Essai sur la th\'eorie des eaux courantes. M\'emoires pr\'esent\'es par divers savants \`a l'Acad\'emie des sciences},
  author={J.V. Boussinesq},
  journal={Nasa Technical Memorandum},
  volume={XXXIII},
  number={1},
  pages={1-680},
  year={1877}
}

@Book{Pope,
  title={Turbulent Flows},
  author={S.B. Pope},
  publisher = {Cambridge University Press},
  year={2000}
}
@article{kozuka2009,
  title={DNS of turbulent heat transfer in a channel flow with high spatial resolution},
  author={M. Kozuka and Y. Seki and H. Kawamura},
  journal={International Journal of Heat and Fluid Flow},
  volume={30},
  number={3},
  pages={514-525},
  year={2009},
  doi={10.1016/j.ijheatfluidflow.2009.02.023}
}
@article{tiselj2001,
  title={DNS of turbulent heat transfer in a channel flow with heat conduction in the solid wall},
  author={I. Tiselj and R. Bergant and B. Mavko and I. Bajsic and G. Hetsroni},
  journal={Journal of Heat Transfer},
  volume={123},
  number={5},
  pages={849-857},
  year={2001},
  doi={10.1115/1.1389060}
}
@article{fischer2002,
  title={Spectral Element Methods for transitional flows in complex geometries},
  author={P.F. Fischer and G.W. Kruse and F. Loth},
  journal={Journal of Scientific Computing},
  volume={17},
  number={1-4},
  pages={81-98},
  year={2007},
  doi={10.1023/A:1015188211796}
}
@article{fischer2008,
  title={Petascale algorithms for reactor hydrodynamics},
  author={P. Fischer and J. Lottes and D. Pointer and A.  Siegel},
  journal={Journal of Physics: Conference Series},
  volume={125},
  number={1},
  pages={012076},
  year={2008},
  doi={10.1088/1742-6596/125/1/012076}
}

@article{patera1984,
  title={A Spectral element method for fluid dynamics: Laminar flow in a Channel Expansion},
  author={A.T. Patera},
  journal={Journal of Computational Physics},
  volume={54},
  number={3},
  pages={468-488},
  year={1984},
  doi={10.1016/0021-9991(84)90128-1}
}
@article{fischer2007,
  title={Simulation of high Reynolds number vascular flows},
  author={P.F. Fischer and F. Loth and  S.E. Lee and S.-W. Lee and D.S. Smith and H.S. Bassiouny},
  journal={Computer Methods in Applied Mechanics and Engineering},
  volume={196},
  number={31-32},
  pages={3049-3060},
  year={2007},
  doi={10.1016/j.cma.2006.10.015}
}
@inproceedings{obabko2015,
  title={Verification and validation of Nek5000 for T-junction, Matis, SIBERIA and Max Experiments},
  author={A.V. Obabko and P. Fischer and O. Marin and E. Merzari and D. Pointer},
  booktitle={Proceedings of the International Topical Meeting on Nuclear reactor Thermal Hydraulics 2015, NURETH 2015},
  volume={2},
  pages={1462-1473},
  note={Chicago, Illinois},
  month={August},
  year={2015}
}


@inproceedings{martinez2018,
  title={Direct Numerical Simulation of the turbulent flow inside a differentially heated cavity},
  author={J. Mart\'inez and E. Merzari and M. Acton and E. Baglietto},
  booktitle={Proceedings of the International Topical Meeting on Advances Thermal Hydraulics 2015, ATH 2018},
  note={Orlando, Florida},
  month={November},
  year={2018}
}

@InBook{fischer2005,
author = {P.F. Fischer and J.W. Lottes},
title = {Domain decomposition methods in science and Engineering},
chapter = {Hybrid Schwarz-Multigrid Methods for the Spectral Element Method: Extensions to Navier-Stokes},
publisher = {Springer},
year = {2005},
pages={35-49},
volume = {40},
address = {Berlin, Heidelberg},
doi={10.1007/3-540-26825-1\_3}
}
%editor = {T.J. Barth et al.},

@article{slotz2005,
  title={High-pass filtered eddy-viscosity models for large-eddy simulations of transitional and turbulent flow},
  author={S. Stolz and P. Schlatter and L. Kleiser},
  journal={Physics of Fluids},
  volume={17},
  pages={065103},
  year={2005},
  doi={10.1063/1.1923048}
}
@article{schlatter2004,
  title={LES of transitional flows using the approximate deconvolution model},
  author={P. Schlatter and S. Stoltz and L. Kleiser},
  journal={International Journal of Heat and Fluid Flow},
  volume={25},
  pages={549-558},
  year={2004},
  doi={10.1016/j.ijheatfluidflow.2004.02.020}
}


@article{wilcox1988,
  title={Re-assesment of the scale-determining equation for advanced turbulence models},
  author={D.C. Wilcox},
  journal={AIAA Journal},
  volume={26},
  number={11},
  pages={1299-1310},
  year={1988},
  doi={10.2514/3.10041}
}
@article{ananias2018,
  title={A novel numerical treatment of the near-wall regions in the $k-\omega$ class of RANS models},
  author={A.G. Tomboulides and S.M. Aithal and P. Fischer and E. Merzari and A.V. Obabko and D.R. Shaver},
  journal={International Journal of Heat and Fluid Flow},
  volume={72},
  pages={186-199},
  year={2018},
  doi={10.1016/j.ijheatfluidflow.2018.05.017}
}


@article{chien1982,
  title={APredictions of channel and boundary-layer flows with a low-Reynolds number turbulence model},
  author={K.-Y. Chien},
  journal={AIAA Journal},
  volume={20},
  number={1},
  pages={33-38},
  year={1982},
  doi={10.2514/3.51043}
}


@article{baglietto2007,
  title={Improved turbulence modeling for performance evaluation of novel fuel designs},
  author={E. Baglietto and H. Ninokata},
  journal={Nuclear Technology},
  volume={158},
  number={2},
  pages={237-248},
  year={2007},
  doi={10.13182/NT07-A3839}
}

@article{shih1993,
  title={A realizable reynolds stress algebraic equation model},
  author={T. Shih and J. Zhu and J.L. Lumley},
  journal={NASA Technical Memorandum},
  pages={105993},
  year={1993}
}
@article{walker2014,
  title={Accurate prediction of the wall shear stress in rod bundles with the spectral element method at high Reynolds numbers},
  author={J. Walker and E. Merzari and A. Obabko and P. Fischer and A. Siegel},
  journal={International Journal of Heat and Fluid Flow},
  volume={50},
  pages={287-299},
  year={2014},
  doi={10.1016/j.ijheatfluidflow.2014.08.012}
}

@article{elia2011,
  title={Proper orthogonal decomposition of the flow in a tight-lattice rod-bundle},
  author={E. Merzari and H. Ninokata},
  journal={Nuclear Engineering and Design},
  volume={241},
  number={11},
  pages={4621-4632},
  year={2011},
  doi={10.1016/j.nucengdes.2010.12.005}
}










@article{merzari2013,
  title={Numerical simulation and proper orthogonal decomposition of the flow in a counter-flow T-junction},
  author={Merzari, E and Pointer, WD and Fischer, P},
  journal={Journal of Fluids Engineering},
  volume={135},
  number={9},
  pages={091304},
  year={2013},
  publisher={American Society of Mechanical Engineers}
}

@article{merzari2012,
  title={Numerical simulation of the flow in wire-wrapped pin bundles: Effect of pin-wire contact modeling},
  author={Merzari, E and Pointer, WD and Smith, JG and Tentner, A and Fischer, P},
  journal={Nuclear Engineering and Design},
  volume={253},
  pages={374--386},
  year={2012},
  publisher={Elsevier}
}

@article{hales2013,
  title={Multidimensional multiphysics simulation of TRISO particle fuel},
  author={Hales, JD and Williamson, RL and Novascone, SR and Perez, DM and Spencer, BW and Pastore, G},
  journal={Journal of Nuclear Materials},
  volume={443},
  number={1-3},
  pages={531--543},
  year={2013},
  publisher={Elsevier}
}

@inproceedings{fischer2008p,
  title={Petascale algorithms for reactor hydrodynamics},
  author={Fischer, Paul and Lottes, James and Pointer, David and Siegel, Andrew},
  booktitle={Journal of Physics: Conference Series},
  volume={125},
  number={1},
  pages={012076},
  year={2008},
  organization={IOP Publishing}
}

@inproceedings{merzari2010,
  title={On the numerical simulation of thermal striping in the upper plenum of a fast reactor},
  author={Merzari, E and Pointer, WD and Obabko, A and Fischer, P},
  booktitle={Proceedings of the 2010 International Congress on Advances in Nuclear Power Plants-ICAPP'10},
  year={2010}
}
@incollection{obabko2013,
  title={Large eddy simulation of thermo-hydraulic mixing in a T-junction},
  author={Obabko, Aleksandr V and Fischer, Paul F and Tautges, Timothy J and Goloviznin, Vasily M and Zaytsev, Mikhail A and Chudanov, Vladimir V and Pervichko, Valeriy A and Aksenova, Anna E and Karabasov, Sergey A},
  booktitle={Nuclear Reactor Thermal Hydraulics and Other Applications},
  year={2013},
  publisher={InTech}
}

@article{vijay2014,
  title={High-resolution coupled physics solvers for analysing fine-scale nuclear reactor design problems},
  author={Mahadevan, Vijay S and Merzari, Elia and Tautges, Timothy and Jain, Rajeev and Obabko, Aleksandr and Smith, Michael and Fischer, Paul},
  journal={Philosophical Transactions of the Royal Society of London A: Mathematical, Physical and Engineering Sciences},
  volume={372},
  number={2021},
  pages={20130381},
  year={2014},
  publisher={The Royal Society}
}

@article{vakho2017,
  title={A performance analysis of ensemble averaging for high fidelity turbulence simulations at the strong scaling limit},
  author={Makarashvili, Vakhtang and Merzari, Elia and Obabko, Aleksandr and Siegel, Andrew and Fischer, Paul},
  journal={Computer Physics Communications},
  year={2017},
  publisher={North-Holland}
}

@inproceedings{fick2015,
  title={Direct Numerical Simulation of the Flow Through a Structured Pebble Bed Near a Wall Boundary},
  author={Fick, Lambert and Merzari, Elia and Hassan, Yassin},
  booktitle={ASME/JSME/KSME 2015 Joint Fluids Engineering Conference},
  pages={V001T03A008--V001T03A008},
  year={2015},
  organization={American Society of Mechanical Engineers}
}

@article{fick2017,
  title={Direct Numerical Simulation of Pebble Bed Flows: Database Development and Investigation of Low-Frequency Temporal Instabilities},
  author={Lambert H. Fick, Elia Merzari and Yassin A. Hassan},
  journal={Journal of Fluids Engineering},
  volume={139},
  number={5},
  pages={051301},
  year={2017},
  publisher={American Society of Mechanical Engineers}
}

@inproceedings{fick2016,
  title={Calculation of Turbulent Kinetic Energy Budgets for Flow Through a Pebble Bed Using DNS},
  author={Fick, Lambert H and Merzari, Elia and Hassan, Yassin A},
  booktitle={2016 24th International Conference on Nuclear Engineering},
  pages={V005T15A058--V005T15A058},
  year={2016},
  organization={American Society of Mechanical Engineers}
}

@misc{molten,
  title = {Demand for clean energy inspires new generation to innovate nuclear power},
  howpublished = {\url{http://www.pbs.org/newshour/bb/demand-clean-energy-inspires-new-generation-innovate-nuclear-power/}},
  note = {Accessed: 2017-06-20}
}


@article{Fischer1998,
title = "Projection techniques for iterative solution of {A}x = b with successive right-hand sides ",
journal = "Computer Methods in Applied Mechanics and Engineering ",
volume = "163",
number = "1-4",
pages = "193-204",
year = "1998",
note = " ",
issn = "0045-7825",
author = "Paul F. Fischer"
}


@proceedings{exascale,
  editor = {Markidis, S. and Laure, E.},
  title = {On the Strong Scaling of the Spectral Element Solver Nek5000 on Petascale Systems},
  year = {2016},
  isbn = {},
  author={ Offermans, N. and Marin, O. and Schanen, M. and Gong, J. and
  Fischer, P. and Schlatter, P. and Obabko, O. and Peplinski, A. and Hutchinson, M and Merzari, E.},
  location = {Stockholm, Sweden},
  publisher = {EASC '16: Proceedings of the 4th International Conference
on Exascale Applications and Software},
  address = {KTH, Sweden},
}

@article{dctnek,
  title = {Large-scale lossy data compression based on a
      priori error estimator in a Spectral Element Code},
  author = {Oana Marin and Michel Schanen and Paul Fischer},
  journal = {SIAM Journal on Scientific Computing},
  year = {2016},
  note = {to be submitted}
}

@article{tanaka1981fluid,
  title={Fluid elastic vibration of tube array in cross flow},
  author={Tanaka, H and Takahara, S},
  journal={Journal of sound and vibration},
  volume={77},
  number={1},
  pages={19--37},
  year={1981},
  publisher={Elsevier}
}

@article{chen1983tube,
  title={Tube vibration in a half-scale sector model of a helical tube steam generator},
  author={Chen, SS and Jendrzejczyk, JA and Wambsganss, MW},
  journal={Journal of Sound and Vibration},
  volume={91},
  number={4},
  pages={539--569},
  year={1983},
  publisher={Elsevier}
}

@book{deville2002high,
  title={High-order methods for incompressible fluid flow},
  author={Deville, Michel O and Fischer, Paul F and Mund, Ernest H},
  volume={9},
  year={2002},
  publisher={Cambridge University Press}
}

@incollection{fischer2007large,
  title={Large eddy simulation of wire-wrapped fuel pins I: hydrodynamics of a single pin},
  author={Fischer, Paul and Lottes, James and Siegel, Andrew and Palmiotti, Giuseppe},
  booktitle={M and C+ SNA 2007},
  year={2007}
}

@article{lottes2005hybrid,
  title={Hybrid multigrid/Schwarz algorithms for the spectral element method},
  author={Lottes, James W and Fischer, Paul F},
  journal={Journal of Scientific Computing},
  volume={24},
  number={1},
  pages={45--78},
  year={2005},
  publisher={Springer}
}

@book{stuck2012adjoint,
  title={Adjoint Navier-Stokes methods for hydrodynamic shape optimisation},
  author={St{\"u}ck, Arthur and others},
  year={2012}
}

@techreport{argonne:nekdoc,
  author={Paul Fischer and James Lottes and Stefan Kerkemeier and Oana Marin and Katherine
  Heisey and Aleks Obabko and Elia Merzari and Yulia Peet},
  title={{Nek5000: User's manual}},
  institution={Argonne National Laboratory},
  year={2015},
  number={ANL/MCS-TM-351}
}

@incollection{peplinski2014stability,
  title={Stability tools for the spectral-element code Nek5000: Application to Jet-in-Crossflow},
  author={Peplinski, Adam and Schlatter, Philipp and Fischer, PF and Henningson, Dan S},
  booktitle={Spectral and High Order Methods for Partial Differential Equations-ICOSAHOM 2012},
  pages={349--359},
  year={2014},
  publisher={Springer}
}

@article{griewank1992achieving,
  title={Achieving logarithmic growth of temporal and spatial complexity in reverse automatic differentiation},
  author={Griewank, Andreas},
  journal={Optimization Methods and software},
  volume={1},
  number={1},
  pages={35--54},
  year={1992},
  publisher={Taylor \& Francis}
}

@inproceedings{Pointer2009,
  title={Simulations of turbulent diffusion in wire-wrapped sodium fast reactor fuel assemblies},
  author={Pointer, WD and Fischer, P and Smith, J and Obabko, A and Siegel, A},
  booktitle={International Conference on Fast Reactors and Related Fuel Cycles: Challenges and Opportunities},
  year={2009}
}

@misc{libxsmm_github,
  author = {Pabst, H.},
  title = {{LIBXSMM}},
  year = {2016},
  publisher = {GitHub},
  journal = {GitHub repository},
  howpublished = {\url{https://github.com/hfp/libxsmm}}
}

@article{otten2016,
  title={{An MPI/OpenACC implementation of a high order electromagnetics solver
  with GPUDirect communication}},
  author = {Otten, M. and others},
  journal = {International Journal of High Performance Computing},
  year={2016}
}

@article{markidis2015openacc,
  title={{OpenACC acceleration of the Nek5000 spectral element code}},
    author={Markidis, S. and others},
      journal={International Journal of High Performance Computing Applications},
      year={2015},
  volume    = {29},
  number    = {3},
  pages     = {311--319},
  year      = {2015},
            publisher={SAGE Publications}
}

@article{doolaard15,
author = {H.J. Doolaard and A. Shams and F. Roelofs and K. Van Tichelen and S. Keijers
and J. De Ridder and J. Degroote and J. Vierendeels and I. Di Piazza
and E. Merzari and A. Obabko and P. Fischer},
title = {{CFD} BENCHMARK FOR A HEAVY LIQUID METAL FUEL ASSEMBLY},
journal = {NURETH-16 Paper},
volume = {22944},
issue = {August 30--September 4},
year = {2015},
pages = {},
}

@article{Max2016,
author={{Hutchinson {\emph{et al.}}}, Maxwell},
title={Efficiency of High Order Spectral Element Methods on Petascale Architectures},
journal={Proceedings of the International Supercomputing Conference, (ISC'16)},
address={Frankfurt, Germany},
year={2016}
}

@article{utke2008openad,
  title={{OpenAD/F}: A modular open-source tool for automatic differentiation of
    {Fortran} codes},
  author={Utke, Jean and Naumann, Uwe and Fagan, Mike and Tallent, Nathan
    and Strout, Michelle and Heimbach, Patrick and Hill, Chris and Wunsch,
    Carl},
  journal={ACM Transactions on Mathematical Software (TOMS)},
  volume={34},
  number={4},
  pages={18},
  year={2008},
  publisher={ACM}
}

@article{goldberg2016optimized,
  title={An optimized treatment for algorithmic differentiation of an
    important glaciological fixed-point problem},
  author={Goldberg, Daniel N and Narayanan, Sri Hari Krishna and Hascoet,
    Laurent and Utke, Jean},
  journal={Geoscientific Model Development},
  volume={9},
  number={5},
  pages={1891--1904},
  year={2016},
  publisher={Copernicus GmbH}
}

@article{Schanen20161147,
  title = "Asynchronous Two-level Checkpointing Scheme for Large-scale Adjoints
    in the Spectral-element Solver {Nek5000} ",
  journal = "Procedia Computer Science ",
  volume = "80",
  number = "",
  pages = "1147 - 1158",
  year = "2016",
  note = "International Conference on Computational Science 2016, \{ICCS\} 2016,
  6-8 June 2016, San Diego, California, \{USA\} ",
  issn = "1877-0509",
  doi = "http://dx.doi.org/10.1016/j.procs.2016.05.444",
  url = "http://www.sciencedirect.com/science/article/pii/S1877050916309267",
  author = "Michel Schanen and Oana Marin and Hong Zhang and Mihai Anitescu",
  keywords = "Two-Level Checkpointing",
  keywords = "Adjoints",
  keywords = "Gradient",
  keywords = "Large Scale",
  keywords = "Nek5000",
  keywords = "CFD "
}

@InProceedings{ matthew_rocklin-proc-scipy-2015,
  author    = { Matthew Rocklin },
  title     = { Dask: Parallel Computation with Blocked algorithms and Task Scheduling },
  booktitle = { Proceedings of the 14th Python in Science Conference },
  pages     = { 130 - 136 },
  year      = { 2015 },
  editor    = { Kathryn Huff and James Bergstra }
}

@article{ousterhoutparallel,
  title={PARALLEL SCRIPTING FOR APPLICATIONS AT THE PETASCALE AND BEYOND},
  author={Ousterhout, John}
}

@InCollection{VisIt,
author = {Hank Childs and Eric Brugger and Brad Whitlock and Jeremy Meredith and Sean Ahern and David Pugmire and Kathleen Biagas and Mark Miller and Cyrus Harrison and Gunther H. Weber and Hari Krishnan and Thomas Fogal and Allen Sanderson and Christoph Garth and E. Wes Bethel and David Camp and Oliver R\"{u}bel and Marc Durant and Jean M. Favre and Paul Navr\'{a}til},
title = {{VisIt: An End-User Tool For Visualizing and Analyzing Very Large Data}},
year = "2012",
pages = "357-372",
month = "Oct",
booktitle = {{High Performance Visualization--Enabling Extreme-Scale Scientific Insight}},
}

@article{Romano2015,
title = "{OpenMC}: A state-of-the-art {Monte} {Carlo} code for research and development",
journal = "Ann. Nucl. Energy",
volume = "82",
pages = "90--97",
year = "2015",
issn = "0306-4549",
doi = "https://doi.org/10.1016/j.anucene.2014.07.048",
url = "http://www.sciencedirect.com/science/article/pii/S030645491400379X",
author = "Paul K. Romano and Nicholas E. Horelik and Bryan R. Herman and Adam G. Nelson and Benoit Forget and Kord Smith",
keywords = "Monte Carlo, Neutron transport, OpenMC, Parallel, XML, HDF5"
}

@article{Romano2012a,
author = {Paul K. Romano and Benoit Forget},
title = {Parallel Fission Bank Algorithms in {Monte} {Carlo} Criticality Calculations},
journal = {Nucl. Sci. Eng.},
volume = {170},
number = {2},
pages = {125-135},
year  = {2012},
publisher = {Taylor & Francis},
doi = {10.13182/NSE10-98},
URL = { https://doi.org/10.13182/NSE10-98 },
eprint = { https://doi.org/10.13182/NSE10-98 }
}


@article{Romano2012b,
author = {Romano, Paul and Forget, Benoit},
year = {2012},
pages = {519-522},
title = {Reducing parallel communication in {Monte} {Carlo} simulations via batch statistics},
volume = {107},
journal = {Trans. Am. Nucl. Soc.}
}

@article{Rintala2015,
title = "Modeling of realistic pebble bed reactor geometries using the {Serpent} {Monte} {Carlo} code",
journal = "Ann. Nucl. Energy",
volume = "77",
pages = "223--230",
year = "2015",
issn = "0306-4549",
doi = "https://doi.org/10.1016/j.anucene.2014.11.018",
url = "http://www.sciencedirect.com/science/article/pii/S0306454914006008",
author = "Ville Rintala and Heikki Suikkanen and Jaakko Lepp{\"{a}}nen and Riitta Kyrki-Rajam{\"{a}}ki",
keywords = "High temperature reactor, Pebble bed reactor, Reactor physics, Monte Carlo, Discrete element method"
}

@inproceedings{Stauff2017,
  title={VERIFICATION OF MIXED STOCHASTIC/DETERMINISTIC APPROACH FOR FAST AND THERMAL REACTOR ANALYSIS},
  author={Nicolas E. Stauff and Changho Lee and Paul K. Romano and Taek K. Kim},
  booktitle={Proceedings of ICAPP},
  year={2017}
}

@inproceedings{Hoogenboom2011,
author = {Hoogenboom, Jan and Martin, William and Petrovic, Bojan},
year = {2011},
title = {THE MONTE CARLO PERFORMANCE BENCHMARK TEST - AIMS, SPECIFICATIONS AND FIRST RESULTS},
booktitle={Int. Conf. on Mathematics and Computational Methods Applied to Nuclear Science and Engineering}
}

@Article{gaston08,
  author = {D.~R.~Gaston and C.~Newman and G.~Hansen and D.~Lebrun-Grandi\'e},
  journal = {Nuclear Engineering Design},
  Pages = {1768--1778},
  title = {{MOOSE}: A parallel computational framework for coupled systems of nonlinear equations},
  volume = 239,
  year = 2009,
  note = {\url{http://dx.doi.org/10.1016/j.nucengdes.2009.05.021}}
}

@Article{Williamson2012,
  author = {R.~L.~Williamson and J.~D.~Hales and S.~R.~Novascone and M.~R.~Tonks and D.~R.~Gaston and C.~J.~Permann and D.~Andr\v{s} and R.~C.~Martineau},
  journal = {Journal of Nuclear Materials},
  Pages = {149--163},
  title = {Multidimensional Multiphysics Simulation of Nuclear Fuel Behavior},
  volume = 423,
  year = 2012,
  number = {1--3},
  month = apr,
  note = {\url{http://dx.doi.org/10.1016/j.jnucmat.2012.01.012}}
}

@article{perez2013assessment,
  title={Assessment of BISON: A nuclear fuel performance analysis code},
  author={Perez, Danielle M and Williamson, RL and Novascone, SR and Pastore, G and Hales, J and Spencer, BW},
  journal={Idaho National Laboratory, Idaho Falls},
  year={2013}
}

@article{hales2014verification,
  title={Verification of the BISON fuel performance code},
  author={Hales, JD and Novascone, SR and Spencer, BW and Williamson, RL and Pastore, G and Perez, DM},
  journal={Annals of Nuclear Energy},
  volume={71},
  pages={81--90},
  year={2014},
  publisher={Elsevier}
}

@techreport{williamson2014bison,
  title={BISON Software V\&V Plan},
  author={Williamson, RL and Hales, JD and Perez, DM and Novascone, SR and Pastore, G},
  year={2014},
  institution={Idaho National Laboratory (INL)}
}

@article{slaughter2015continuous,
  title={Continuous integration for concurrent MOOSE framework and application development on GitHub},
  author={Slaughter, Andrew E and Peterson, John W and Gaston, Derek R and Permann, Cody J and Andr{\v{s}}, David and Miller, Jason M},
  journal={Journal of Open Research Software},
  volume={3},
  number={1},
  year={2015},
  publisher={Ubiquity Press}
}

@article{hales2013triso,
  title={Multidimensional multiphysics simulation of TRISO particle fuel},
  author={Hales, JD and Williamson, RL and Novascone, SR and Perez, DM and Spencer, BW and Pastore, G},
  journal={Journal of Nuclear Materials},
  volume={443},
  number={1-3},
  pages={531--543},
  year={2013},
  publisher={Elsevier}
}

@inproceedings{gaston2013massive,
  title={Massive hybrid parallelism for fully implicit multiphysics},
  author={Gaston, Derek R and Permann, Cody J and Andrs, David and Peterson, John W},
  booktitle={Proceedings of the International Conference on Mathematics and Computational Methods Applied to Nuclear Science \& Engineering (M\&C 2013).< http://www. inl. gov/technicalpublications/Documents/5864439. pdf},
  year={2013}
}



@article{manceau2002,
  title={Elliptic blending model: A new near-wall
Reynolds-stress turbulence closure},
  author={Rémi Manceau and Kemal Hanjalic},
  journal={Physics of Fluids},
  volume={14},
  number={744},
  pages={},
  year={2002},
  publisher={American Institute of Physics}
}

@article{manceau2015,
  title={Recent progress in the development of the Elliptic Blending
Reynolds-stress model},
  author={Rémi Manceau},
  journal={International Journal of Heat and Fluid Flow},
  volume={51},
  number={},
  pages={195-220},
  year={2015},
  publisher={}
}

@article{benhamadouche2012,
  title={Algebraic Modeling of the Turbulent Heat Fluxes Using the Elliptic Blending Approach—Application to Forced and Mixed Convection Regimes}
  author={Frederic Dehoux, Yannick Lecocq, Sofiane Benhamadouche, Remi Manceau, Laurent-Emmanuel Brizzi},
  journal={Flow Turbulence Combust},
  volume={88},
  number={},
  pages={77–100},
  year={2012},
  publisher={}
}
